@article{metastatic,
  title={The evolutionary history of lethal metastatic prostate cancer},
  author={Gundem, Gunes and Van Loo, Peter and Kremeyer, Barbara and Alexandrov, Ludmil B and Tubio, Jose MC and Papaemmanuil, Elli and Brewer, Daniel S and Kallio, Heini ML and H{\"o}gn{\"a}s, Gunilla and Annala, Matti and others},
  journal={Nature},
  volume={520},
  number={7547},
  pages={353},
  year={2015},
  publisher={Nature Publishing Group}
}

@article{21breasts,
  title={The life history of 21 breast cancers},
  author={Nik-Zainal, Serena and Van Loo, Peter and Wedge, David C and Alexandrov, Ludmil B and Greenman, Christopher D and Lau, King Wai and Raine, Keiran and Jones, David and Marshall, John and Ramakrishna, Manasa and others},
  journal={Cell},
  volume={149},
  number={5},
  pages={994--1007},
  year={2012},
  publisher={Elsevier}
}

@article{sciclone,
  title={Sci{C}lone: inferring clonal architecture and tracking the spatial and temporal patterns of tumor evolution},
  author={Miller, Christopher A and White, Brian S and Dees, Nathan D and Griffith, Malachi and Welch, John S and Griffith, Obi L and Vij, Ravi and Tomasson, Michael H and Graubert, Timothy A and Walter, Matthew J and others},
  journal={PLoS computational biology},
  volume={10},
  number={8},
  pages={e1003665},
  year={2014},
  publisher={Public Library of Science}
}

@article{merlo2006cancer,
  title={Cancer as an evolutionary and ecological process},
  author={Merlo, Lauren MF and Pepper, John W and Reid, Brian J and Maley, Carlo C},
  journal={Nature reviews cancer},
  volume={6},
  number={12},
  pages={924},
  year={2006},
  publisher={Nature Publishing Group}
}

@article{monovar,
  title={Monovar: single-nucleotide variant detection in single cells},
  author={Zafar, Hamim and Wang, Yong and Nakhleh, Luay and Navin, Nicholas and Chen, Ken},
  journal={Nature methods},
  volume={13},
  number={6},
  pages={505},
  year={2016},
  publisher={Nature Publishing Group}
}

@article{gao2016punctuated,
  title={Punctuated copy number evolution and clonal stasis in triple-negative breast cancer},
  author={Gao, Ruli and Davis, Alexander and McDonald, Thomas O and Sei, Emi and Shi, Xiuqing and Wang, Yong and Tsai, Pei-Ching and Casasent, Anna and Waters, Jill and Zhang, Hong and others},
  journal={Nature genetics},
  volume={48},
  number={10},
  pages={1119},
  year={2016},
  publisher={Nature Publishing Group}
}

@article{sciphi,
  title={Single-cell mutation identification via phylogenetic inference},
  author={Singer, Jochen and Kuipers, Jack and Jahn, Katharina and Beerenwinkel, Niko},
  journal={Nature communications},
  volume={9},
  number={1},
  pages={5144},
  year={2018},
  publisher={Nature Publishing Group}
}

%Cancer is evolving:
@article{greaves2012clonal,
  title={Clonal evolution in cancer},
  author={Greaves, Mel and Maley, Carlo C},
  journal={Nature},
  volume={481},
  number={7381},
  pages={306},
  year={2012},
  publisher={Nature Publishing Group}
}

@article{ledurbin,
  title={{SNP} detection and genotyping from low-coverage sequencing data on multiple diploid samples},
  author={Le, Si Quang and Durbin, Richard},
  journal={Genome research},
  volume={21},
  number={6},
  pages={952--960},
  year={2011},
  publisher={Cold Spring Harbor Lab}
}

@article{scprimer,
  title={Single-cell sequencing},
  author={Nawy, Tal},
  journal={Nature methods},
  volume={11},
  number={1},
  pages={18},
  year={2013},
  publisher={Nature Publishing Group}
}

@article{neutralevoltumour,
  title={Identification of neutral tumor evolution across cancer types},
  author={Williams, Marc J and Werner, Benjamin and Barnes, Chris P and Graham, Trevor A and Sottoriva, Andrea},
  journal={Nature genetics},
  volume={48},
  number={3},
  pages={238},
  year={2016},
  publisher={Nature Publishing Group}
}

@article{yachida,
  title={Distant metastasis occurs late during the genetic evolution of pancreatic cancer},
  author={Yachida, Shinichi and Jones, Si{\^a}n and Bozic, Ivana and Antal, Tibor and Leary, Rebecca and Fu, Baojin and Kamiyama, Mihoko and Hruban, Ralph H and Eshleman, James R and Nowak, Martin A and others},
  journal={Nature},
  volume={467},
  number={7319},
  pages={1114},
  year={2010},
  publisher={Nature Publishing Group}
}

@article{numcells,
  title={Does the cell number $10^9$ still really fit one gram of tumor tissue?},
  author={Del Monte, Ugo},
  journal={Cell Cycle},
  volume={8},
  number={3},
  pages={505--506},
  year={2009},
  publisher={Taylor \& Francis}
}

@book{BSA,
  title={Biological sequence analysis: probabilistic models of proteins and nucleic acids},
  author={Durbin, Richard and Eddy, Sean R and Krogh, Anders and Mitchison, Graeme},
  year={1998},
  publisher={Cambridge university press}
}